
@online{_crypto-currency_????,
	title = {Crypto-Currency Market Capitalizations},
	url = {https://coinmarketcap.com/},
	abstract = {Crypto-currency market cap rankings, charts, and more},
	urldate = {2016-06-12},
	file = {Snapshot:C\:\\Users\\lam\\AppData\\Roaming\\Zotero\\Zotero\\Profiles\\m9oxarl7.default\\zotero\\storage\\AMSD7SFC\\coinmarketcap.com.html:text/html}
}

@online{_litecoin_????,
	title = {Litecoin ({LTC}) price, charts, and info {\textbar} Crypto-Currency Market Capitalizations},
	url = {https://coinmarketcap.com/currencies/litecoin/},
	abstract = {Crypto-currency market cap rankings, charts, and more},
	urldate = {2016-06-12},
	file = {Snapshot:C\:\\Users\\lam\\AppData\\Roaming\\Zotero\\Zotero\\Profiles\\m9oxarl7.default\\zotero\\storage\\755NASPH\\litecoin.html:text/html}
}

@online{_what_2014,
	title = {What is Cryptocurrency?},
	url = {https://www.cryptocoinsnews.com/cryptocurrency/},
	abstract = {A cryptocurrency is a medium of exchange like normal currencies such as {USD}, but designed for the purpose of exchanging digital information through a process made possible by certain principles of cryptography. Cryptography is used to secure the transactions and to control the creation of new coins. The first cryptocurrency to be created was Bitcoin â€¦},
	titleaddon = {{CCN}: Financial Bitcoin \& Cryptocurrency News},
	urldate = {2016-06-12},
	date = {2014-09-16},
	file = {Snapshot:C\:\\Users\\lam\\AppData\\Roaming\\Zotero\\Zotero\\Profiles\\m9oxarl7.default\\zotero\\storage\\B5S3S8RS\\cryptocurrency.html:text/html}
}

@online{center_for_history_and_new_media_zotero_????,
	title = {Zotero Quick Start Guide},
	url = {http://zotero.org/support/quick_start_guide},
	author = {{Center for History and New Media}}
}

@book{james_introduction_2013,
	location = {New York, {NY}},
	title = {An Introduction to Statistical Learning},
	volume = {103},
	isbn = {978-1-4614-7137-0 978-1-4614-7138-7},
	url = {http://link.springer.com/10.1007/978-1-4614-7138-7},
	series = {Springer Texts in Statistics},
	publisher = {Springer New York},
	author = {James, Gareth and Witten, Daniela and Hastie, Trevor and Tibshirani, Robert},
	urldate = {2017-05-04},
	date = {2013},
	note = {{DOI}: 10.1007/978-1-4614-7138-7}
}

@article{huang_extreme_2016,
	title = {Extreme learning machine: Theory and Applications},
	author = {Huang, Guang-Bin and Zhu, Qin-Yu and Siew, Chee-kheong},
	date = {2016-05-16}
}

@article{huang_extreme_2006,
	title = {Extreme learning machine: Theory and applications},
	volume = {70},
	issn = {09252312},
	url = {http://linkinghub.elsevier.com/retrieve/pii/S0925231206000385},
	doi = {10.1016/j.neucom.2005.12.126},
	shorttitle = {Extreme learning machine},
	pages = {489--501},
	number = {1},
	journaltitle = {Neurocomputing},
	author = {Huang, Guang-Bin and Zhu, Qin-Yu and Siew, Chee-Kheong},
	urldate = {2017-05-04},
	date = {2006-12},
	langid = {english}
}

@book{james_introduction_????,
	title = {Introduction to Statistical Learning in R},
	author = {James, Gareth and Witten, Daniela}
}

@online{_engadget_????,
	title = {Engadget Primed: The rise (and rise?) of Bitcoin},
	url = {https://www.engadget.com/2013/05/08/engadget-primed-bitcoin/},
	shorttitle = {Engadget Primed},
	abstract = {Ask anyone about why Bitcoin has suddenly risen to prominence and they may offer one of a number of theories. Perhaps it'll be the one about Cypriots smugglin...},
	titleaddon = {Engadget},
	urldate = {2016-06-12},
	file = {Snapshot:C\:\\Users\\lam\\AppData\\Roaming\\Zotero\\Zotero\\Profiles\\m9oxarl7.default\\zotero\\storage\\J56KJDMS\\engadget-primed-bitcoin.html:text/html}
}

@online{_it_????,
	title = {It doesn't matter who created Bitcoin},
	url = {https://www.engadget.com/2016/05/05/it-doesnt-matter-who-created-bitcoin/},
	abstract = {It hasn't been a great week for the guy who claimed to have invented Bitcoin.},
	titleaddon = {Engadget},
	urldate = {2016-06-12},
	file = {Snapshot:C\:\\Users\\lam\\AppData\\Roaming\\Zotero\\Zotero\\Profiles\\m9oxarl7.default\\zotero\\storage\\EP5ESTZQ\\it-doesnt-matter-who-created-bitcoin.html:text/html}
}